@inproceedings{lopez2017caterpillar,
  title={Caterpillar: A blockchain-based business process management system},
  author={L{\'o}pez-Pintado, Orlenys and Garc{\'\i}a-Ba{\~n}uelos, Luciano and Dumas, Marlon and Weber, Ingo},
  booktitle={Proceedings of the BPM Demo Track and BPM Dissertation Award co-located with 15th International Conference on Business Process Modeling (BPM 2017), Barcelona, Spain},
  year={2017}
}

@inproceedings{weber2016untrusted,
  title={Untrusted business process monitoring and execution using blockchain},
  author={Weber, Ingo and Xu, Xiwei and Riveret, R{\'e}gis and Governatori, Guido and Ponomarev, Alexander and Mendling, Jan},
  booktitle={International Conference on Business Process Management},
  pages={329--347},
  year={2016},
  organization={Springer}
}
@article{nakamoto2008bitcoin,
  title={Bitcoin: A peer-to-peer electronic cash system},
  author={Nakamoto, Satoshi},
  year={2008},
  publisher={Working Paper}
}
@article{wood2014ethereum,
  title={Ethereum: A secure decentralised generalised transaction ledger},
  author={Wood, Gavin},
  journal={Ethereum project yellow paper},
  volume={151},
  pages={1--32},
  year={2014}
}
